@Book{Andrea,
author = {Andrea Goldsmith},
title = {Wireless Communications},
publisher = {Cambridge-University},
year = {2005},
address = {New York, USA}
}

@Book{Odile,
author = {Odile Piron et coll.},
title = {Les Antennes : Th√©orie, Conception et Application},
publisher = {Dunod},
year = {2009},
address = {Paris, France}
}


@misc{website:ux,
author = "Janne Jul Jensen",
title = "But How?- Methods and Techniques To Making A Good User Interface",
month = Apr,
year = "2013",
url = "https://www.youtube.com/watch?v=7OSkB4BCx00"
}


@misc{website:vallabha,
author = "Vallabha Hampiholi",
title = "MP3 Player (GUI)",
month = Jan,
year = "2012",
url = "http://www.mathworks.com/matlabcentral/fileexchange/34455-mp3-player--gui-"
}

@misc{website:guillaume,
author = "Guillaume Becq",
title = "Movie Command",
month = Oct,
year = "2010",
url = "http://www.mathworks.com/matlabcentral/fileexchange/29111-movie-command"
}
